<record><leader>00000cas a22000007a 4500</leader><controlfield tag="001">12530130</controlfield><controlfield tag="008">850909d1918197umtudn ne      0    0eng d</controlfield><datafield ind1=" " ind2=" " tag="010"><subfield code="a">sn 85053264 </subfield></datafield><datafield ind1=" " ind2=" " tag="040"><subfield code="a">MTL</subfield><subfield code="b">eng</subfield><subfield code="c">MTL</subfield><subfield code="d">OCLCQ</subfield></datafield><datafield ind1=" " ind2=" " tag="042"><subfield code="a">msc</subfield></datafield><datafield ind1="0" ind2=" " tag="130"><subfield code="a">Billings gazette (Billings, Mont. : Evening edition)</subfield></datafield><datafield ind1="1" ind2="0" tag="245"><subfield code="a">Billings gazette.</subfield></datafield><datafield ind1=" " ind2=" " tag="250"><subfield code="a">Evening ed.</subfield></datafield><datafield ind1=" " ind2=" " tag="260"><subfield code="a">Billings, Mont. :</subfield><subfield code="b">Gazette Print. Co.,</subfield><subfield code="c">1918-</subfield></datafield><datafield ind1=" " ind2=" " tag="300"><subfield code="a">v. :</subfield><subfield code="b">ill. ;</subfield><subfield code="c">56 cm.</subfield></datafield><datafield ind1=" " ind2=" " tag="310"><subfield code="a">Daily (except Sun.)</subfield></datafield><datafield ind1="0" ind2=" " tag="362"><subfield code="a">Vol. 17, no. 250 (July 8, 1918)-</subfield></datafield><datafield ind1="1" ind2=" " tag="362"><subfield code="a">Ceased in 1973.</subfield><subfield code="z">Cf. Montana Press Association. Newspaper directory and rate bk., 1973, 1974.</subfield></datafield><datafield ind1=" " ind2=" " tag="752"><subfield code="a">United States</subfield><subfield code="b">Montana</subfield><subfield code="c">Yellowstone</subfield><subfield code="d">Billings.</subfield></datafield><datafield ind1="0" ind2=" " tag="775"><subfield code="t">Billings gazette (Billings, Mont. : Daily : 1914)</subfield><subfield code="w">(DLC)sn 85053071</subfield></datafield><datafield ind1="0" ind2="0" tag="780"><subfield code="t">Billings evening journal (Billings, Mont. : 1916)</subfield><subfield code="w">(DLC)sn 85053171</subfield></datafield><datafield ind1="1" ind2=" " tag="029"><subfield code="a">AU@</subfield><subfield code="b">000023803646</subfield></datafield></record>